%% This BibTeX bibliography file was created using BibDesk.
%% http://bibdesk.sourceforge.net/

%% Created for Natalia de Faria at 2017-04-19 19:13:49 -0300 


%% Saved with string encoding Unicode (UTF-8) 



@book{vahid2011,
  address    = {Waltham/MA, EUA},
  author     = {Frank Vahid},
  date-added = {2024-03-22},
  edition    = {2nd Edition},
  publisher  = {John Wiley \& Sons, Inc},
  title      = {Digital Design with RTL Design, VHDL, and Verilog},
  year       = {2011}
}

@book{mosHardware1976,
  address    = {Norristown, PA},
  author     = {MOS Technology, INC},
  date-added = {2024-04-10},
  edition    = {2nd Edition},
  publisher  = {MOS Technology, INC},
  title      = {MCS6500 Microcomputer Family Hardware Manual},
  year       = {1976}
}

@book{mosSoftware1976,
  address    = {Norristown, PA},
  author     = {MOS Technology, INC},
  date-added = {2024-04-10},
  edition    = {2nd Edition},
  publisher  = {MOS Technology, INC},
  title      = {MCS6500 Microcomputer Family Software Manual},
  year       = {1976}
}

@online{6502isa,
  author  = {Mag. Norbert Landsteiner},
  title   = {6502 Instruction Set},
  url     = {https://www.masswerk.at/6502/6502_instruction_set.html},
  urldate = {2024-04-15}
}

@manual{w65c02sDatasheet,
  title        = {W65C02S 8-bit Microprocessor Datasheet},
  author       = {The Western Design Center, Inc},
  organization = {The Western Design Center, Inc},
  address      = {Vienna, Austria},
  year         = 2018
}